@electronic{placeholder:title,
  title         = "placeholder title",
  url           = "placeholder url",
  organization  = "placeholder organization",
  address       = "placeholder address",
  year          = "placeholder year",
  key           = "placeholder key"
}
